<?xml version="1.0" encoding="UTF-8"?><collection xmlns="http://www.loc.gov/MARC21/slim"><record><leader>00381nam--2200121-i-4500</leader><controlfield tag="001">000007350</controlfield><controlfield tag="002">20161230</controlfield><controlfield tag="005">20161230201027</controlfield><controlfield tag="008">060222s1000------------r-----000-0-eng-d</controlfield><datafield ind1=" " ind2=" " tag="245"><subfield code="a">The aecl symposium on the genration of intense neutron fluxes, chalk river, ontario, 22-23 april 1965</subfield></datafield><datafield ind1=" " ind2=" " tag="260"><subfield code="a">Chalk River, Atomic Energy Of Canada Ltd., 1965 P. Dif</subfield></datafield><datafield ind1=" " ind2=" " tag="490"><subfield code="a">2177</subfield></datafield><datafield ind1=" " ind2=" " tag="852"><subfield code="a">22251</subfield></datafield></record></collection>